@book{book,
	author    = {Steven Forrest},
	title     = {The Inner Sky},
	publisher = {Seven Paws Press; Reprint edition},
	year      = 1984,
	edition   = 2,
}

@misc{Wikipedia,
	title = {Wikipedia, the free encyclopedia},
	howpublished = {\url{https://en.wikipedia.org}},
}

@misc{Astro-Seek,
	title = {Astro-Seek},
	howpublished = {\url{https://www.astro-seek.com}},
}

@misc{CafeAstrology,
	title = {Cafe Astrology},
	howpublished = {\url{https://astro.cafeastrology.com}},
}
